%% Created using Papers on Wed, 02 Jan 2013.
%% http://mekentosj.com/papers/

@article{Ochoa:2013jf,
author = {Ochoa, David and Garc{\'\i}a-Guti{\'e}rrez, Ponciano and Juan, David and Valencia, Alfonso and Pazos, Florencio},
title = {{Incorporating information on predicted solvent accessibility to the co-evolution-based study of protein interactions.}},
journal = {Molecular bioSystems},
year = {2013},
volume = {9},
number = {1},
pages = {70--76},
month = jan
}

@article{Promponas:2012hv,
author = {Promponas, Vasilis J and Ouzounis, Christos A and Iliopoulos, Ioannis},
title = {{Experimental evidence validating the computational inference of functional associations from gene fusion events: a critical survey.}},
journal = {Briefings in bioinformatics},
year = {2012},
month = dec
}

@article{Nakaya:2012gg,
author = {Nakaya, A and Katayama, T and Itoh, M and Hiranuka, K and Kawashima, S and Moriya, Y and Okuda, S and Tanaka, M and Tokimatsu, T and Yamanishi, Y and Yoshizawa, A C and Kanehisa, M and Goto, S},
title = {{KEGG OC: a large-scale automatic construction of taxonomy-based ortholog clusters}},
journal = {Nucleic Acids Res},
year = {2012},
month = nov
}

@article{Liu:2012go,
author = {Liu, C H and Li, K C and Yuan, S},
title = {{Human Protein-Protein Interaction Prediction by A Novel Sequence-Based Coevolution Method: Coevolutionary Divergence}},
journal = {Bioinformatics (Oxford, England)},
year = {2012},
month = oct
}

@article{Doherty:2012ho,
author = {Doherty, Aoife and Alvarez-Ponce, David and McInerney, James O},
title = {{Increased Genome Sampling Reveals a Dynamic Relationship between Gene Duplicability and the Structure of the Primate Protein-Protein Interaction Network}},
journal = {Molecular biology and evolution},
year = {2012},
volume = {29},
number = {11},
pages = {3563--3573},
month = oct
}

@article{Cohen:2012hn,
author = {Cohen, Ofir and Ashkenazy, Haim and Burstein, David and Pupko, Tal},
title = {{Uncovering the co-evolutionary network among prokaryotic genes.}},
journal = {Bioinformatics (Oxford, England)},
year = {2012},
volume = {28},
number = {18},
pages = {i389--i394},
month = sep
}

@article{Muley:2012cq,
author = {Muley, Vijaykumar Yogesh and Ranjan, Akash},
title = {{Effect of Reference Genome Selection on the Performance of Computational Methods for Genome-Wide Protein-Protein Interaction Prediction}},
journal = {PloS one},
year = {2012},
volume = {7},
number = {7},
pages = {e42057},
month = jul
}

@article{Edgar:2012jd,
author = {Edgar, Rachel S and Green, Edward W and Zhao, Yuwei and van Ooijen, Gerben and Olmedo, Maria and Qin, Ximing and Xu, Yao and Pan, Min and Valekunja, Utham K and Feeney, Kevin A and Maywood, Elizabeth S and Hastings, Michael H and Baliga, Nitin S and Merrow, Martha and Millar, Andrew J and Johnson, Carl H and Kyriacou, Charalambos P and O'Neill, John S and Reddy, Akhilesh B},
title = {{Peroxiredoxins are conserved markers of circadian rhythms.}},
journal = {Nature},
year = {2012},
volume = {485},
number = {7399},
pages = {459--464},
month = may
}

@article{Clark:2012jc,
author = {Clark, Nathan L and Alani, Eric and Aquadro, Charles F},
title = {{Evolutionary rate covariation reveals shared functionality and coexpression of genes.}},
journal = {Genome research},
year = {2012},
volume = {22},
number = {4},
pages = {714--720},
month = apr
}

@article{Hajirasouliha:2012in,
author = {Hajirasouliha, Iman and Sch{\"o}nhuth, Alexander and Juan, David and Valencia, Alfonso and Sahinalp, S Cenk},
title = {{Mirroring co-evolving trees in the light of their topologies.}},
journal = {Bioinformatics (Oxford, England)},
year = {2012},
month = mar
}

@article{Simonsen:2012ee,
author = {Simonsen, Martin and Maetschke, Stefan and Ragan, Mark A},
title = {{Automatic Selection of Reference Taxa for Protein-Protein Interaction Prediction with Phylogenetic Profiling.}},
journal = {Bioinformatics (Oxford, England)},
year = {2012},
month = jan
}

@article{Liu:2012cl,
author = {Liu, Xinyi and Liu, Bin and Huang, Zhimin and Shi, Ting and Chen, Yingyi and Zhang, Jian},
title = {{SPPS: a sequence-based method for predicting probability of protein-protein interaction partners.}},
journal = {PloS one},
year = {2012},
volume = {7},
number = {1},
pages = {e30938}
}

@article{Engelen:2012fg,
author = {Engelen, Stefan and Vallenet, David and M{\'e}digue, Claudine and Danchin, Antoine},
title = {{Distinct co-evolution patterns of genes associated to DNA polymerase III DnaE and PolC.}},
journal = {BMC genomics},
year = {2012},
volume = {13},
pages = {69}
}

@article{Yang:2011ioa,
author = {Yang, Shu and Yalamanchili, Hari Krishna and Li, Xinran and Yao, Kwok-Ming and Sham, Pak Chung and Zhang, Michael Q and Wang, Junwen},
title = {{Correlated evolution of transcription factors and their binding sites.}},
journal = {Bioinformatics (Oxford, England)},
year = {2011},
volume = {27},
number = {21},
pages = {2972--2978},
month = nov
}

@article{Park:2011hg,
author = {Park, Yungki and Marcotte, Edward M},
title = {{Revisiting the negative example sampling problem for predicting protein-protein interactions.}},
journal = {Bioinformatics (Oxford, England)},
year = {2011},
volume = {27},
number = {21},
pages = {3024--3028},
month = nov
}

@article{Herman:2011hp,
author = {Herman, Dorota and Ochoa, David and Juan, David and Lopez, Daniel and Valencia, Alfonso and Pazos, Florencio},
title = {{Selection of organisms for the co-evolution-based study of protein interactions.}},
journal = {BMC Bioinformatics},
year = {2011},
volume = {12},
number = {1},
pages = {363},
month = sep
}

@article{Yang:2011io,
author = {Yang, Shu and Yalamanchili, Hari Krishna and Li, Xinran and Yao, Kwok-Ming and Sham, Pak Chung and Zhang, Michael Q and Wang, Junwen},
title = {{Correlated evolution of transcription factors and their binding sites.}},
journal = {Bioinformatics (Oxford, England)},
year = {2011},
month = sep
}

@article{Leonard:2011ej,
author = {Leonard, Guy and Soanes, Darren M and Stevens, Jamie R},
title = {{Resolving the question of trypanosome monophyly: A comparative genomics approach using whole genome data sets with low taxon sampling}},
journal = {Infection, Genetics and Evolution},
year = {2011},
volume = {11},
number = {5},
pages = {955--959},
month = jul
}

@article{Wass:2011bx,
author = {Wass, Mark N and David, Alessia and Sternberg, Michael JE},
title = {{Challenges for the prediction of macromolecular interactions}},
journal = {Infection, Genetics and Evolution},
year = {2011},
volume = {21},
number = {3},
pages = {382--390},
month = jun
}

@article{Berrar:2011gx,
author = {Berrar, Daniel and Flach, Peter},
title = {{Caveats and pitfalls of ROC analysis in clinical microarray research (and how to avoid them).}},
journal = {Briefings in bioinformatics},
year = {2011},
month = mar
}

@article{Ta:2010ch,
author = {Ta, H X and Koskinen, P and Holm, L},
title = {{A novel method for assigning functional linkages to proteins using enhanced phylogenetic trees}},
journal = {Bioinformatics (Oxford, England)},
year = {2011},
volume = {27},
number = {5},
pages = {700--706},
month = feb
}

@article{ChongShou:2011dk,
author = {Chong Shou, Nitin Bhardwaj Hugo Y K Lam Koon-Kiu Yan Philip M Kim Michael Snyder Mark B Gerstein},
title = {{Measuring the Evolutionary Rewiring of Biological Networks}},
journal = {PLoS computational biology},
year = {2011},
volume = {7},
number = {1},
pages = {e1001050},
month = jan
}

@article{Keseler:2011fi,
author = {Keseler, Ingrid M and Collado-Vides, Julio and Santos-Zavaleta, Alberto and Peralta-Gil, Martin and Gama-Castro, Socorro and Mu{\~n}iz-Rascado, Luis and Bonavides-Martinez, C{\'e}sar and Paley, Suzanne and Krummenacker, Markus and Altman, Tomer and Kaipa, Pallavi and Spaulding, Aaron and Pacheco, John and Latendresse, Mario and Fulcher, Carol and Sarker, Malabika and Shearer, Alexander G and Mackie, Amanda and Paulsen, Ian and Gunsalus, Robert P and Karp, Peter D},
title = {{EcoCyc: a comprehensive database of Escherichia coli biology.}},
journal = {Nucleic Acids Res},
year = {2011},
volume = {39},
number = {Database issue},
pages = {D583--90},
month = jan
}

@article{Rodionov:2011ji,
author = {Rodionov, Alex and Bezginov, Alexandr and Rose, Jonathan and Tillier, Elisabeth RM},
title = {{A new, fast algorithm for detecting protein coevolution using maximum compatible cliques}},
journal = {Algorithms for Molecular Biology},
year = {2011},
volume = {6},
number = {1},
pages = {17}
}

@article{Clark:2011jh,
author = {Clark, Gregory W and Dar, Vaqaar-Un-Nisa and Bezginov, Alexandr and Yang, Jinghao M and Charlebois, Robert L and Tillier, Elisabeth R M},
title = {{Using coevolution to predict protein-protein interactions.}},
journal = {Methods in molecular biology (Clifton, NJ)},
year = {2011},
volume = {781},
pages = {237--256}
}

@article{Gershoni:2010bu,
author = {Gershoni, Moran and Fuchs, Angelika and Shani, Naama and Fridman, Yearit and Corral-Debrinski, Marisol and Aharoni, Amir and Frishman, Dmitrij and Mishmar, Dan},
title = {{Coevolution Predicts Direct Interactions between mtDNA-Encoded and nDNA-Encoded Subunits of Oxidative Phosphorylation Complex I}},
journal = {Journal of Molecular Biology},
year = {2010},
volume = {404},
number = {1},
pages = {158--171},
month = nov
}

@article{Kuo:2010fk,
author = {Kuo, Dwight and Licon, Katherine and Bandyopadhyay, Sourav and Chuang, Ryan and Luo, Colin and Catalana, Justin and Ravasi, Timothy and Tan, Kai and Ideker, Trey},
title = {{Coevolution within a transcriptional network by compensatory trans and cis mutations}},
year = {2010},
month = oct
}

@article{Lovell:2010fn,
author = {Lovell, S C and Robertson, D L},
title = {{An Integrated View of Molecular Coevolution in Protein-Protein Interactions}},
journal = {Molecular biology and evolution},
year = {2010},
volume = {27},
number = {11},
pages = {2567--2575},
month = oct
}

@article{Liang:2010ff,
author = {Liang, Zhi and Xu, Meng and Teng, Maikun and Niu, Liwen and Wu, Jiarui},
title = {{Coevolution is a short-distance force at the protein interaction level and correlates with the modular organization of protein networks}},
journal = {FEBS letters},
year = {2010},
month = sep
}

@article{Ochoa:2010ig,
author = {Ochoa, David and Pazos, Florencio},
title = {{Studying the co-evolution of protein families with the Mirrortree web server.}},
journal = {Bioinformatics (Oxford, England)},
year = {2010},
volume = {26},
number = {10},
pages = {1370--1371},
month = may
}

@article{Clark:2010fe,
author = {Clark, N L and Aquadro, C F},
title = {{A Novel Method to Detect Proteins Evolving at Correlated Rates: Identifying New Functional Relationships between Coevolving Proteins}},
journal = {Molecular biology and evolution},
year = {2010},
volume = {27},
number = {5},
pages = {1152--1161},
month = apr
}

@article{GarciaJimenez:2010ec,
author = {Garc{\'\i}a-Jim{\'e}nez, Beatriz and Juan, David and Ezkurdia, Iakes and Andr{\'e}s-Le{\'o}n, Eduardo and Valencia, Alfonso},
title = {{Inference of Functional Relations in Predicted Protein Networks with a Machine Learning Approach}},
journal = {PloS one},
year = {2010},
volume = {5},
number = {4},
pages = {e9969},
month = apr
}

@article{Roch:2010hz,
author = {Roch, Sebastien},
title = {{Toward extracting all phylogenetic information from matrices of evolutionary distances}},
journal = {Science (New York, NY)},
year = {2010},
volume = {327},
number = {5971},
pages = {1376--1379},
month = mar
}

@article{Pedamallu:2010dg,
author = {Pedamallu, Chandra Sekhar and Posfai, Janos},
title = {{Open source tool for prediction of genome wide protein-protein interaction network based on ortholog information}},
journal = {Source code for biology and medicine},
year = {2010},
volume = {5},
number = {1},
pages = {8}
}

@article{Tuller:2010ii,
author = {Tuller, Tamir and Felder, Yifat and Kupiec, Martin},
title = {{Discovering local patterns of co - evolution: computational aspects and biological examples}},
journal = {BMC Bioinformatics},
year = {2010},
volume = {11},
number = {1},
pages = {43}
}

@article{Li:2009kf,
author = {Li, Wai Lok Sibon and Rodrigo, Allen G},
title = {{Covariation of Branch Lengths in Phylogenies of Functionally Related Genes}},
journal = {PloS one},
year = {2009},
volume = {4},
number = {12},
pages = {e8487},
month = dec
}

@article{Weil:2009cj,
author = {Weil, P and Hoffgaard, F and Hamacher, K},
title = {{Estimating sufficient statistics in co-evolutionary analysis by mutual information}},
journal = {Computational biology and chemistry},
year = {2009},
month = oct
}

@article{Tillier:2009ff,
author = {Tillier, Elisabeth R M and Charlebois, Robert L},
title = {{The human protein coevolution network.}},
journal = {Genome research},
year = {2009},
volume = {19},
number = {10},
pages = {1861--1871},
month = oct
}

@article{Robertson:2009gx,
author = {Robertson, David L and Lovell, Simon C},
title = {{Evolution in protein interaction networks: co-evolution, rewiring and the role of duplication}},
journal = {Biochemical Society transactions},
year = {2009},
volume = {37},
number = {Pt 4},
pages = {768--771},
month = aug
}

@article{Chakrabarti:2009ff,
author = {Chakrabarti, Saikat and Panchenko, Anna R},
title = {{Coevolution in defining the functional specificity.}},
journal = {Proteins},
year = {2009},
volume = {75},
number = {1},
pages = {231--240},
month = apr
}

@article{Fokkens:2009ee,
author = {Fokkens, Like and Snel, Berend},
title = {{Cohesive versus Flexible Evolution of Functional Modules in Eukaryotes}},
journal = {PLoS computational biology},
year = {2009},
volume = {5},
number = {1},
pages = {e1000276},
month = jan
}

@article{Kann:2009bv,
author = {Kann, Maricel G and Shoemaker, Benjamin A and Panchenko, Anna R and Przytycka, Teresa M},
title = {{Correlated evolution of interacting proteins: looking behind the mirrortree.}},
journal = {J Mol Biol},
year = {2009},
volume = {385},
number = {1},
pages = {91--98},
month = jan
}

@article{Benson:2009hs,
author = {Benson, D A and Karsch-Mizrachi, I and Lipman, D J and Ostell, J and Sayers, E W},
title = {{GenBank}},
journal = {Nucleic Acids Res},
year = {2009},
volume = {37},
number = {Database},
pages = {D26--D31},
month = jan
}

@article{Ghosh:2009gk,
author = {Ghosh, Wriddhiman and Mallick, Somnath and DasGupta, Sujoy Kumar},
title = {{Origin of the Sox multienzyme complex system in ancient thermophilic bacteria and coevolution of its constituent proteins}},
journal = {Research in microbiology},
year = {2009},
volume = {160},
number = {6},
pages = {409--420},
month = jan
}

@article{Jensen:2009fu,
author = {Jensen, Lars J and Kuhn, Michael and Stark, Manuel and Chaffron, Samuel and Creevey, Chris and Muller, Jean and Doerks, Tobias and Julien, Philippe and Roth, Alexander and Simonovic, Milan and Bork, Peer and von Mering, Christian},
title = {{STRING 8--a global view on proteins and their functional interactions in 630 organisms}},
journal = {Nucleic Acids Res},
year = {2009},
volume = {37},
number = {Database issue},
pages = {D412--6},
month = jan
}

@article{AndresLeon:2009fm,
author = {Andr{\'e}s-Le{\'o}n, Eduardo and Ezkurdia, Iakes and Garc{\'\i}a, Beatriz and Valencia, Alfonso and Juan, David},
title = {{EcID. A database for the inference of functional interactions in E. coli.}},
journal = {Nucleic Acids Res},
year = {2009},
volume = {37},
number = {Database issue},
pages = {D629--35},
month = jan
}

@article{Tiwary:2009hn,
author = {Tiwary, Basant and Tiwary, Besant K and Li, Wen-Hsiung},
title = {{Parallel evolution between aromatase and androgen receptor in the animal kingdom.}},
journal = {Molecular biology and evolution},
year = {2009},
volume = {26},
number = {1},
pages = {123--129},
month = jan
}

@article{PineroGonzalez:2009gw,
author = {Pi{\~n}ero Gonz{\'a}lez, Janet and Carrillo Farn{\'e}s, Olimpia and Vasconcelos, Ana Tereza R and Gonz{\'a}lez P{\'e}rez, Abel},
title = {{Conservation of key members in the course of the evolution of the insulin signaling pathway.}},
journal = {Bio Systems},
year = {2009},
volume = {95},
number = {1},
pages = {7--16},
month = jan
}

@article{Zaki:2009fe,
author = {Zaki, Nazar and Lazarova-Molnar, Sanja and El-Hajj, Wassim and Campbell, Piers},
title = {{Protein-protein interaction based on pairwise similarity.}},
journal = {BMC Bioinformatics},
year = {2009},
volume = {10},
pages = {150}
}

@article{Lewis:2009ey,
author = {Lewis, Anna C F and Saeed, Ramazan and Deane, Charlotte M},
title = {{Predicting protein--protein interactions in the context of protein evolution}},
journal = {Molecular bioSystems},
year = {2009},
volume = {6},
number = {1},
pages = {55}
}

@article{Choi:2009gu,
author = {Choi, Kwangbom and Gomez, Shawn M},
title = {{Comparison of phylogenetic trees through alignment of embedded evolutionary distances}},
journal = {BMC Bioinformatics},
year = {2009},
volume = {10},
number = {1},
pages = {423}
}

@article{Dutkowski:2009ba,
author = {Dutkowski, Janusz and Tiuryn, Jerzy},
title = {{Phylogeny-guided interaction mapping in seven eukaryotes.}},
journal = {BMC Bioinformatics},
year = {2009},
volume = {10},
number = {1},
pages = {393}
}

@article{Park:2009dd,
author = {Park, Yungki},
title = {{Critical assessment of sequence-based protein-protein interaction prediction methods that do not require homologous protein sequences}},
journal = {BMC Bioinformatics},
year = {2009},
volume = {10},
number = {1},
pages = {419}
}

@article{Pazos:2008bq,
author = {Pazos, Florencio and Valencia, Alfonso},
title = {{Protein co-evolution, co-adaptation and interactions.}},
journal = {The EMBO journal},
year = {2008},
volume = {27},
number = {20},
pages = {2648--2655},
month = oct
}

@article{Yang:2008dh,
author = {Yang, Zefeng and Zhou, Yong and Wang, Xuefeng and Gu, Shiliang and Yu, Jianmin and Liang, Guohua and Yan, Changjie and Xu, Chenwu},
title = {{Genomewide comparative phylogenetic and molecular evolutionary analysis of tubby-like protein family in Arabidopsis, rice, and poplar.}},
journal = {Genomics},
year = {2008},
volume = {92},
number = {4},
pages = {246--253},
month = oct
}

@article{Goll:2008hp,
author = {Goll, Johannes and Rajagopala, Seesandra V and Shiau, Shen C and Wu, Hank and Lamb, Brian T and Uetz, Peter},
title = {{MPIDB: the microbial protein interaction database}},
journal = {Bioinformatics (Oxford, England)},
year = {2008},
volume = {24},
number = {15},
pages = {1743--1744},
month = aug
}

@article{Madaoui:2008hl,
author = {Madaoui, Hocine and Guerois, Rapha{\"e}l},
title = {{Coevolution at protein complex interfaces can be detected by the complementarity trace with important impact for predictive docking.}},
journal = {Proc Natl Acad Sci U S A},
year = {2008},
volume = {105},
number = {22},
pages = {7708--7713},
month = jun
}

@article{Gonzalez:2008jq,
author = {Gonzalez, Orland and Zimmer, Ralf},
title = {{Assigning functional linkages to proteins using phylogenetic profiles and continuous phenotypes.}},
journal = {Bioinformatics (Oxford, England)},
year = {2008},
volume = {24},
number = {10},
pages = {1257--1263},
month = may
}

@article{Harrington:2008kr,
author = {Harrington, Eoghan D and Jensen, Lars J and Bork, Peer},
title = {{Predicting biological networks from genomic data}},
journal = {Infection, Genetics and Evolution},
year = {2008},
volume = {582},
number = {8},
pages = {1251--1258},
month = apr
}

@article{Cordero:2008ds,
author = {Cordero, Otto X and Snel, Berend and Hogeweg, Paulien},
title = {{Coevolution of gene families in prokaryotes}},
journal = {Genome Res},
year = {2008},
volume = {18},
number = {3},
pages = {462--468},
month = mar
}

@article{Juan:2008sf,
author = {Juan, David and Pazos, F and Valencia, Alfonso},
title = {{High-confidence prediction of global interactomes based on genome-wide coevolutionary networks}},
journal = {Proc Natl Acad Sci U S A},
year = {2008},
volume = {105},
number = {3},
pages = {934--939},
month = jan
}

@article{Codoner:2008vs,
author = {Codo{\~n}er, Francisco M and Fares, Mario A},
title = {{Why Should We Care About Molecular Coevolution?}},
journal = {Evolutionary Bioinformatics},
year = {2008},
volume = {2008},
number = {4},
pages = {0--0},
month = jan
}

@article{Izarzugaza:2008ih,
author = {Izarzugaza, Jose MG and Juan, David and Pons, Carles and Pazos, Florencio and Valencia, Alfonso},
title = {{Enhancing the prediction of protein pairings between interacting families using orthology information}},
journal = {BMC Bioinformatics},
year = {2008},
volume = {9},
number = {1},
pages = {35}
}

@article{Manning:2008ei,
author = {Manning, Jonathan R and Jefferson, Emily R and Barton, Geoffrey J},
title = {{The contrasting properties of conservation and correlated phylogeny in protein functional residue prediction.}},
journal = {BMC Bioinformatics},
year = {2008},
volume = {9},
pages = {51}
}

@article{Juan:2008rz,
author = {Juan, David and Pazos, Florencio and Valencia, Alfonso},
title = {{Co-evolution and co-adaptation in protein networks.}},
journal = {FEBS Lett},
year = {2008},
volume = {582},
number = {8},
pages = {1225--1230}
}

@article{Craig:2007gn,
author = {Craig, Roger A and Liao, Li},
title = {{Improving protein protein interaction prediction based on phylogenetic information using a least-squares support vector machine.}},
journal = {Annals of the New York Academy of Sciences},
year = {2007},
volume = {1115},
pages = {154--167},
month = dec
}

@article{Lee:2007hi,
author = {Lee, David and Redfern, Oliver and Orengo, Christine},
title = {{Predicting protein function from sequence and structure.}},
journal = {Nature reviews Molecular cell biology},
year = {2007},
volume = {8},
number = {12},
pages = {995--1005},
month = dec
}

@article{McPartland:2007dv,
author = {McPartland, John M and Norris, Ryan W and Kilpatrick, C William},
title = {{Coevolution between cannabinoid receptors and endocannabinoid ligands.}},
journal = {Gene},
year = {2007},
volume = {397},
number = {1-2},
pages = {126--135},
month = aug
}

@article{Kann:2007ec,
author = {Kann, Maricel G and Jothi, Raja and Cherukuri, Praveen F and Przytycka, Teresa M},
title = {{Predicting protein domain interactions from coevolution of conserved regions.}},
journal = {Proteins},
year = {2007},
volume = {67},
number = {4},
pages = {811--820},
month = jun
}

@article{Hakes:2007jp,
author = {Hakes, Luke and Lovell, Simon C and Oliver, Stephen G and Robertson, David L},
title = {{Specificity in protein interactions and its relationship with sequence diversity and coevolution.}},
journal = {Proceedings of the National Academy of Sciences of the United States of America},
year = {2007},
volume = {104},
number = {19},
pages = {7999--8004},
month = may
}

@article{Shoemaker:2007gg,
author = {Shoemaker, Benjamin A and Panchenko, Anna R},
title = {{Deciphering protein-protein interactions. Part II. Computational methods to predict protein and domain interaction partners}},
journal = {PLoS computational biology},
year = {2007},
volume = {3},
number = {4},
pages = {e43},
month = apr
}

@article{Shoemaker:2007ku,
author = {Shoemaker, Benjamin A and Panchenko, Anna R},
title = {{Deciphering protein-protein interactions. Part I. Experimental techniques and databases}},
journal = {PLoS computational biology},
year = {2007},
volume = {3},
number = {3},
pages = {e42},
month = mar
}

@article{Waddell:2007ct,
author = {Waddell, Peter J and Kishino, Hirohisa and Ota, Rissa},
title = {{Phylogenetic methodology for detecting protein interactions.}},
journal = {Molecular biology and evolution},
year = {2007},
volume = {24},
number = {3},
pages = {650--659},
month = mar
}

@article{TheUniProtConsortium:2007jj,
author = {{The UniProt Consortium}},
title = {{The Universal Protein Resource (UniProt)}},
journal = {Nucleic Acids Res},
year = {2007},
volume = {35},
number = {Database},
pages = {D193--D197},
month = jan
}

@article{Jothi:2007in,
author = {Jothi, Raja and Przytycka, Teresa M and Aravind, L},
title = {{Discovering functional linkages and uncharacterized cellular pathways using phylogenetic profile comparisons: a comprehensive assessment.}},
journal = {BMC Bioinformatics},
year = {2007},
volume = {8},
pages = {173}
}

@article{Scott:2007gk,
author = {Scott, Michelle S and Barton, Geoffrey J},
title = {{Probabilistic prediction and ranking of human protein-protein interactions.}},
journal = {BMC Bioinformatics},
year = {2007},
volume = {8},
pages = {239}
}

@article{Craig:2007gh,
author = {Craig, Roger A and Liao, Li},
title = {{Phylogenetic tree information aids supervised learning for predicting protein-protein interaction based on distance matrices.}},
journal = {BMC Bioinformatics},
year = {2007},
volume = {8},
pages = {6}
}

@article{Sato:2006eo,
author = {Sato, Tetsuya and Yamanishi, Yoshihiro and Horimoto, Katsuhisa and Kanehisa, Minoru and Toh, Hiroyuki},
title = {{Partial correlation coefficient between distance matrices as a new indicator of protein-protein interactions.}},
journal = {Bioinformatics (Oxford, England)},
year = {2006},
volume = {22},
number = {20},
pages = {2488--2492},
month = oct
}

@article{Jothi:2006de,
author = {Jothi, Raja and Cherukuri, Praveen F and Tasneem, Asba and Przytycka, Teresa M},
title = {{Co-evolutionary analysis of domains in interacting proteins reveals insights into domain-domain interactions mediating protein-protein interactions.}},
journal = {J Mol Biol},
year = {2006},
volume = {362},
number = {4},
pages = {861--875},
month = sep
}

@article{Mika:2006gx,
author = {Mika, Sven and Rost, Burkhard},
title = {{Protein-protein interactions more conserved within species than across species.}},
journal = {PLoS computational biology},
year = {2006},
volume = {2},
number = {7},
pages = {e79},
month = jul
}

@article{Izarzugaza:2006bw,
author = {Izarzugaza, Jos{\'e} M G and Juan, David and Pons, Carles and Ranea, Juan A G and Valencia, Alfonso and Pazos, Florencio},
title = {{TSEMA: interactive prediction of protein pairings between interacting families.}},
journal = {Nucleic Acids Res},
year = {2006},
volume = {34},
number = {Web Server issue},
pages = {W315--9},
month = jul
}

@article{Zhou:2006ic,
author = {Zhou, Yun and Wang, Rui and Li, Li and Xia, Xuefeng and Sun, Zhirong},
title = {{Inferring functional linkages between proteins from evolutionary scenarios.}},
journal = {J Mol Biol},
year = {2006},
volume = {359},
number = {4},
pages = {1150--1159},
month = jun
}

@article{Tillier:2006ke,
author = {Tillier, Elisabeth R M and Biro, Laurence and Li, Ginny and Tillo, Desiree},
title = {{Codep: maximizing co-evolutionary interdependencies to discover interacting proteins.}},
journal = {Proteins},
year = {2006},
volume = {63},
number = {4},
pages = {822--831},
month = jun
}

@article{Fawcett:2006gr,
author = {Fawcett, Tom},
title = {{An introduction to ROC analysis}},
journal = {Infection, Genetics and Evolution},
year = {2006},
volume = {27},
number = {8},
pages = {861--874},
month = jun
}

@article{Kim:2006cg,
author = {Kim, Yohan and Subramaniam, Shankar},
title = {{Locally defined protein phylogenetic profiles reveal previously missed protein interactions and functional relationships.}},
journal = {Proteins},
year = {2006},
volume = {62},
number = {4},
pages = {1115--1124},
month = mar
}

@article{Shoemaker:2006fb,
author = {Shoemaker, Benjamin A and Panchenko, Anna R and Bryant, Stephen H},
title = {{Finding biologically relevant protein domain interactions: conserved binding mode analysis}},
journal = {Protein science : a publication of the Protein Society},
year = {2006},
volume = {15},
number = {2},
pages = {352--361},
month = feb
}

@article{Dou:2006uw,
author = {Dou, Tonghai and Ji, Chaoneng and Gu, Shaohua and Xu, Jiaxi and Xu, Jian and Ying, Kang and Xie, Yi and Mao, Yumin},
title = {{Co-evolutionary analysis of insulin/insulin like growth factor 1 signal pathway in vertebrate species.}},
journal = {Frontiers in bioscience : a journal and virtual library},
year = {2006},
volume = {11},
pages = {380--388}
}

@article{Sato:2005kx,
author = {Sato, Tetsuya and Yamanishi, Yoshihiro and Kanehisa, Minoru and Toh, Hiroyuki},
title = {{The inference of protein-protein interactions by co-evolutionary analysis is improved by excluding the information about the phylogenetic relationships.}},
journal = {Bioinformatics (Oxford, England)},
year = {2005},
volume = {21},
number = {17},
pages = {3482--3489},
month = sep
}

@article{Sun:2005ib,
author = {Sun, J and Xu, J and Liu, Z and Liu, Q and Zhao, A and Shi, T and Li, Y},
title = {{Refined phylogenetic profiles method for predicting protein-protein interactions}},
journal = {Bioinformatics (Oxford, England)},
year = {2005},
volume = {21},
number = {16},
pages = {3409--3415},
month = aug
}

@article{Barker:2005be,
author = {Barker, Daniel and Pagel, Mark},
title = {{Predicting functional gene links from phylogenetic-statistical analyses of whole genomes.}},
journal = {PLoS computational biology},
year = {2005},
volume = {1},
number = {1},
pages = {e3},
month = jun
}

@article{Jothi:2005db,
author = {Jothi, Raja and Kann, Maricel G and Przytycka, Teresa M},
title = {{Predicting protein-protein interaction by searching evolutionary tree automorphism space.}},
journal = {Bioinformatics (Oxford, England)},
year = {2005},
volume = {21 Suppl 1},
pages = {i241--50},
month = jun
}

@article{Martin:2005gs,
author = {Martin, Shawn and Roe, Diana and Faulon, Jean-Loup},
title = {{Predicting protein-protein interactions using signature products.}},
journal = {Bioinformatics (Oxford, England)},
year = {2005},
volume = {21},
number = {2},
pages = {218--226},
month = jan
}

@article{Keseler:2005ys,
author = {Keseler, Ingrid M and Collado-Vides, Julio and Gama-Castro, Socorro and Ingraham, John and Paley, Suzanne and Paulsen, Ian T and Peralta-Gil, Martin and Karp, Peter D},
title = {{EcoCyc: a comprehensive database resource for Escherichia coli.}},
journal = {Nucleic Acids Res},
year = {2005},
volume = {33},
number = {Database issue},
pages = {D334--7},
month = jan
}

@article{Pazos:2005hl,
author = {Pazos, Florencio and Ranea, Juan A G and Juan, David and Sternberg, Michael J E},
title = {{Assessing protein co-evolution in the context of the tree of life assists in the prediction of the interactome.}},
journal = {J Mol Biol},
year = {2005},
volume = {352},
number = {4},
pages = {1002--1015}
}

@article{Kersey:2005df,
author = {Kersey, Paul and Bower, Lawrence and Morris, Lorna and Horne, Alan and Petryszak, Robert and Kanz, Carola and Kanapin, Alexander and Das, Ujjwal and Michoud, Karine and Phan, Isabelle and Gattiker, Alexandre and Kulikova, Tamara and Faruque, Nadeem and Duggan, Karyn and Mclaren, Peter and Reimholz, Britt and Duret, Laurent and Penel, Simon and Reuter, Ingmar and Apweiler, Rolf},
title = {{Integr8 and Genome Reviews: integrated views of complete genomes and proteomes}},
journal = {Nucleic Acids Res},
year = {2004},
volume = {33},
number = {Database issue},
pages = {D297--D302},
month = dec
}

@article{Pagel:2004ky,
author = {Pagel, Philipp and Wong, Philip and Frishman, Dmitrij},
title = {{A domain interaction map based on phylogenetic profiling.}},
journal = {J Mol Biol},
year = {2004},
volume = {344},
number = {5},
pages = {1331--1346},
month = dec
}

@article{Lee:2004he,
author = {Lee, I},
title = {{A Probabilistic Functional Network of Yeast Genes}},
journal = {Science (New York, NY)},
year = {2004},
volume = {306},
number = {5701},
pages = {1555--1558},
month = nov
}

@article{Yamanishi:2004bi,
author = {Yamanishi, Y and Vert, J-P and Kanehisa, M},
title = {{Protein network inference from multiple genomic data: a supervised approach.}},
journal = {Bioinformatics (Oxford, England)},
year = {2004},
volume = {20 Suppl 1},
pages = {i363--70},
month = aug
}

@article{Tan:2004ee,
author = {Tan, Soon-Heng and Zhang, Zhuo and Ng, See-Kiong},
title = {{ADVICE: Automated Detection and Validation of Interaction by Co-Evolution}},
journal = {Nucleic Acids Res},
year = {2004},
volume = {32},
number = {Web Server issue},
pages = {W69--72},
month = jul
}

@article{Kim:2004jfa,
author = {Kim, Wan K and Bolser, Dan M and Park, Jong H},
title = {{Large-scale co-evolution analysis of protein structural interlogues using the global protein structural interactome map (PSIMAP).}},
journal = {Bioinformatics (Oxford, England)},
year = {2004},
volume = {20},
number = {7},
pages = {1138--1150},
month = may
}

@article{Kim:2004jf,
author = {Kim, Wan K and Bolser, Dan M and Park, Jong H},
title = {{Large-scale co-evolution analysis of protein structural interlogues using the global protein structural interactome map (PSIMAP).}},
journal = {Bioinformatics (Oxford, England)},
year = {2004},
volume = {20},
number = {7},
pages = {1138--1150},
month = may
}

@article{Labedan:2004dn,
author = {Labedan, Bernard and Xu, Ying and Naumoff, Daniil G and Glansdorff, Nicolas},
title = {{Using quaternary structures to assess the evolutionary history of proteins: the case of the aspartate carbamoyltransferase.}},
journal = {Molecular biology and evolution},
year = {2004},
volume = {21},
number = {2},
pages = {364--373},
month = feb
}

@article{Rocha:2004by,
author = {Rocha, Eduardo P C and Danchin, Antoine},
title = {{An analysis of determinants of amino acids substitution rates in bacterial proteins.}},
journal = {Molecular biology and evolution},
year = {2004},
volume = {21},
number = {1},
pages = {108--116}
}

@article{Aloy:2003iu,
author = {Aloy, Patrick and Ceulemans, Hugo and Stark, Alexander and Russell, Robert B},
title = {{The Relationship Between Sequence and Interaction Divergence in Proteins}},
journal = {Journal of Molecular Biology},
year = {2003},
volume = {332},
number = {5},
pages = {989--998},
month = oct
}

@article{Koh:2003dw,
author = {Koh, I Y Y},
title = {{EVA: evaluation of protein structure prediction servers}},
journal = {Nucleic Acids Res},
year = {2003},
volume = {31},
number = {13},
pages = {3311--3315},
month = jul
}

@article{Chenna:2003vn,
author = {Chenna, Ramu and Sugawara, Hideaki and Koike, Tadashi and Lopez, Rodrigo and Gibson, Toby J and Higgins, Desmond G and Thompson, Julie D},
title = {{Multiple sequence alignment with the Clustal series of programs.}},
journal = {Nucleic Acids Res},
year = {2003},
volume = {31},
number = {13},
pages = {3497--3500},
month = jul
}

@article{Ofran:2003uk,
author = {Ofran, Yanay and Rost, Burkhard},
title = {{Predicted protein-protein interaction sites from local sequence information.}},
journal = {FEBS Lett},
year = {2003},
volume = {544},
number = {1-3},
pages = {236--239},
month = jun
}

@article{Salwinski:2003tn,
author = {Salwinski, Lukasz and Eisenberg, David},
title = {{Computational methods of analysis of protein-protein interactions.}},
journal = {Curr Opin Struct Biol},
year = {2003},
volume = {13},
number = {3},
pages = {377--382},
month = jun
}

@article{Mering:2003hp,
author = {Mering, C v},
title = {{STRING: a database of predicted functional associations between proteins}},
journal = {Nucleic Acids Research},
year = {2003},
volume = {31},
number = {1},
pages = {258--261},
month = jan
}

@article{Bock:2003vh,
author = {Bock, Joel R and Gough, David A},
title = {{Whole-proteome interaction mining.}},
journal = {Bioinformatics (Oxford, England)},
year = {2003},
volume = {19},
number = {1},
pages = {125--134},
month = jan
}

@article{Valencia:2003je,
author = {Valencia, Alfonso},
title = {{Multiple sequence alignments as tools for protein structure and function prediction.}},
journal = {Comparative and functional genomics},
year = {2003},
volume = {4},
number = {4},
pages = {424--427}
}

@article{Goh:2002vg,
author = {Goh, Chern-Sing and Cohen, Fred E},
title = {{Co-evolutionary analysis reveals insights into protein-protein interactions.}},
journal = {J Mol Biol},
year = {2002},
volume = {324},
number = {1},
pages = {177--192},
month = nov
}

@article{Valencia:2002vi,
author = {Valencia, Alfonso and Pazos, Florencio},
title = {{Computational methods for the prediction of protein interactions.}},
journal = {Curr Opin Struct Biol},
year = {2002},
volume = {12},
number = {3},
pages = {368--373},
month = jun
}

@article{vonMering:2002kg,
author = {von Mering, Christian and Krause, Roland and Snel, Berend and Cornell, Michael and Oliver, Stephen G and Fields, Stanley and Bork, Peer},
title = {{Comparative assessment of large-scale data sets of protein-protein interactions}},
journal = {Nature},
year = {2002},
volume = {417},
number = {6887},
pages = {399--403},
month = may
}

@article{Anonymous:2002gr,
title = {{Slowly Changing Partners}},
journal = {Science's STKE},
year = {2002},
volume = {2002},
number = {130},
pages = {160tw--160},
month = apr
}

@article{Pazos:2002uo,
author = {Pazos, Florencio and Valencia, Alfonso},
title = {{In silico two-hybrid system for the selection of physically interacting protein pairs.}},
journal = {Proteins},
year = {2002},
volume = {47},
number = {2},
pages = {219--227}
}

@article{Pazos:2001rm,
author = {Pazos, F and Valencia, Alfonso},
title = {{Similarity of phylogenetic trees as indicator of protein-protein interaction.}},
journal = {Protein engineering},
year = {2001},
volume = {14},
number = {9},
pages = {609--614},
month = sep
}

@article{Goh:2000rz,
author = {Goh, C S and Bogan, A A and Joachimiak, M and Walther, D and Cohen, F E},
title = {{Co-evolution of proteins with their interaction partners.}},
journal = {J Mol Biol},
year = {2000},
volume = {299},
number = {2},
pages = {283--293}
}

@article{DavidMRaskin:1999wd,
author = {David M Raskin, Piet A J de Boer},
title = {{MinDE-Dependent Pole-to-Pole Oscillation of Division Inhibitor MinC in Escherichia coli}},
journal = {Journal of Bacteriology},
year = {1999},
volume = {181},
number = {20},
pages = {6419},
month = oct
}

@article{Pellegrini:1999eu,
author = {Pellegrini, M and Marcotte, Edward M and Thompson, M J and Eisenberg, D and Yeates, T O},
title = {{Assigning protein functions by comparative genome analysis: protein phylogenetic profiles.}},
journal = {Proc Natl Acad Sci U S A},
year = {1999},
volume = {96},
number = {8},
pages = {4285--4288}
}

@article{Marcotte:1999xe,
author = {Marcotte, Edward M and Pellegrini, M and Ng, H L and Rice, D W and Yeates, T O and Eisenberg, D},
title = {{Detecting protein function and protein-protein interactions from genome sequences.}},
journal = {Science (New York, NY)},
year = {1999},
volume = {285},
number = {5428},
pages = {751--753}
}

@article{Dandekar:1998rw,
author = {Dandekar, T and Snel, B and Huynen, M and Bork, P},
title = {{Conservation of gene order: a fingerprint of proteins that physically interact.}},
journal = {Trends in biochemical sciences},
year = {1998},
volume = {23},
number = {9},
pages = {324--328},
month = sep
}

@article{Altschul:1997tl,
author = {Altschul, S F and Madden, T L and Sch{\"a}ffer, A A and Zhang, J and Zhang, Z and Miller, W and Lipman, D J},
title = {{Gapped BLAST and PSI-BLAST: a new generation of protein database search programs.}},
journal = {Nucleic Acids Res},
year = {1997},
volume = {25},
number = {17},
pages = {3389--3402},
month = sep
}

@article{Fryxell:1996fy,
author = {Fryxell, K J},
title = {{The coevolution of gene family trees.}},
journal = {Trends Genet},
year = {1996},
volume = {12},
number = {9},
pages = {364--369},
month = sep
}

@article{Kesteren:1996cs,
author = {van Kesteren, R E and Tensen, C P and Smit, A B and van Minnen, J and Kolakowski, L F and Meyerhof, W and Richter, D and van Heerikhuizen, H and Vreugdenhil, E and Geraerts, W P},
title = {{Co-evolution of ligand-receptor pairs in the vasopressin/oxytocin superfamily of bioactive peptides.}},
journal = {J Biol Chem},
year = {1996},
volume = {271},
number = {7},
pages = {3619--3626},
month = feb
}

@article{Rost:1994dk,
author = {Rost, B and Sander, C},
title = {{Conservation and prediction of solvent accessibility in protein families.}},
journal = {Proteins},
year = {1994},
volume = {20},
number = {3},
pages = {216--226},
month = nov
}

@article{Korber:1993yg,
author = {Korber, B T and Farber, R M and Wolpert, D H and Lapedes, A S},
title = {{Covariation of mutations in the V3 loop of human immunodeficiency virus type 1 envelope protein: an information theoretic analysis.}},
journal = {Proceedings of the National Academy of Sciences of the United States of America},
year = {1993},
volume = {90},
number = {15},
pages = {7176--7180},
month = aug
}

@article{Altschul:1990rz,
author = {Altschul, S F and Gish, W and Miller, W and Myers, E W and Lipman, D J},
title = {{Basic local alignment search tool.}},
journal = {J Mol Biol},
year = {1990},
volume = {215},
number = {3},
pages = {403--410},
month = oct
}

@article{DeLong:1988tf,
author = {DeLong, Elizabeth and DeLong, David and Clarke-Pearson, Daniel},
title = {{Comparing the Areas under Two or More Correlated Receiver Operating Characteristic Curves: A Nonparametric Approach}},
journal = {Biometrics},
year = {1988},
volume = {44},
number = {3},
pages = {837--845},
month = sep
}

@article{Wilson:1977bv,
author = {Wilson, A C and Carlson, S S and White, T J},
title = {{Biochemical Evolution}},
journal = {Annual Review of Biochemistry},
year = {1977},
volume = {46},
number = {1},
pages = {573--639},
month = jun,
annote = {Explaining Evolutionary-clock hypotehsis }
}

